%Seq2Seq
@inproceedings{Sutskever:2014:SSL:2969033.2969173,
 author = {Sutskever, Ilya and Vinyals, Oriol and Le, Quoc V.},
 title = {Sequence to Sequence Learning with Neural Networks},
 booktitle = {Proceedings of the 27th International Conference on Neural Information Processing Systems - Volume 2},
 series = {NIPS'14},
 year = {2014},
 location = {Montreal, Canada},
 pages = {3104--3112},
 numpages = {9},
 url = {http://dl.acm.org/citation.cfm?id=2969033.2969173},
 acmid = {2969173},
 publisher = {MIT Press},
 address = {Cambridge, MA, USA},
}

%AlexNet
@inproceedings{Krizhevsky:2012:ICD:2999134.2999257,
 author = {Krizhevsky, Alex and Sutskever, Ilya and Hinton, Geoffrey E.},
 title = {ImageNet Classification with Deep Convolutional Neural Networks},
 booktitle = {Proceedings of the 25th International Conference on Neural Information Processing Systems - Volume 1},
 series = {NIPS'12},
 year = {2012},
 location = {Lake Tahoe, Nevada},
 pages = {1097--1105},
 numpages = {9},
 url = {http://dl.acm.org/citation.cfm?id=2999134.2999257},
 acmid = {2999257},
 publisher = {Curran Associates Inc.},
 address = {USA},
}

%ASR
@Article{ASR,
author={G. {Hinton} and L. {Deng} and D. {Yu} and G. E. {Dahl} and A. {Mohamed} and N. {Jaitly} and A. {Senior} and V. {Vanhoucke} and P. {Nguyen} and T. N. {Sainath} and B. {Kingsbury}},
journal={IEEE Signal Processing Magazine},
title={Deep Neural Networks for Acoustic Modeling in Speech Recognition: The Shared Views of Four Research Groups},
year={2012},
volume={29},
number={6},
pages={82-97},
keywords={feedforward neural nets;Gaussian processes;hidden Markov models;speech recognition;deep neural networks;acoustic modeling;speech recognition;hidden Markov models;temporal variability;Gaussian mixture models;feed-forward neural network;posterior probabilities;HMM states;Automatic speech recognition;Speech recognition;Hidden Markov models;Training;Gaussian processes;Acoustics;Neural networks;Data models},
doi={10.1109/MSP.2012.2205597},
ISSN={1053-5888},
month={Nov},
}

%BPE
@inproceedings{sennrich-etal-2016-neural,
    title = "Neural Machine Translation of Rare Words with Subword Units",
    author = "Sennrich, Rico  and
      Haddow, Barry  and
      Birch, Alexandra",
    booktitle = "Proceedings of the 54th Annual Meeting of the Association for Computational Linguistics (Volume 1: Long Papers)",
    month = aug,
    year = "2016",
    address = "Berlin, Germany",
    publisher = "Association for Computational Linguistics",
    url = "https://www.aclweb.org/anthology/P16-1162",
    doi = "10.18653/v1/P16-1162",
    pages = "1715--1725",
}

@inproceedings{DBLP:journals/corr/BahdanauCB14,
  author    = {Dzmitry Bahdanau and
               Kyunghyun Cho and
               Yoshua Bengio},
  editor    = {Yoshua Bengio and
               Yann LeCun},
  title     = {Neural Machine Translation by Jointly Learning to Align and Translate},
  booktitle = {3rd International Conference on Learning Representations, {ICLR} 2015,
               San Diego, CA, USA, May 7-9, 2015, Conference Track Proceedings},
  year      = {2015},
  url       = {http://arxiv.org/abs/1409.0473},
  timestamp = {Wed, 17 Jul 2019 10:40:54 +0200},
  biburl    = {https://dblp.org/rec/bib/journals/corr/BahdanauCB14},
  bibsource = {dblp computer science bibliography, https://dblp.org}
}

@article{Rumelhart:1986we,
  added-at = {2019-05-21T10:10:49.000+0200},
  author = {Rumelhart, David E. and Hinton, Geoffrey E. and Williams, Ronald J.},
  biburl = {https://www.bibsonomy.org/bibtex/2a392597c4f9cff2cd3c96c2191fa1eb6/sxkdz},
  doi = {10.1038/323533a0},
  interhash = {c354bc293fa9aa7caffc66d40a014903},
  intrahash = {a392597c4f9cff2cd3c96c2191fa1eb6},
  journal = {Nature},
  keywords = {imported},
  number = 6088,
  pages = {533--536},
  timestamp = {2019-05-21T10:10:49.000+0200},
  title = {{Learning Representations by Back-propagating Errors}},
  url = {http://www.nature.com/articles/323533a0},
  volume = 323,
  year = 1986
}

@inproceedings{pennington-etal-2014-glove,
    title = "{G}love: Global Vectors for Word Representation",
    author = "Pennington, Jeffrey  and
      Socher, Richard  and
      Manning, Christopher",
    booktitle = "Proceedings of the 2014 Conference on Empirical Methods in Natural Language Processing ({EMNLP})",
    month = oct,
    year = "2014",
    address = "Doha, Qatar",
    publisher = "Association for Computational Linguistics",
    url = "https://www.aclweb.org/anthology/D14-1162",
    doi = "10.3115/v1/D14-1162",
    pages = "1532--1543",
}

@inproceedings{DBLP:journals/corr/abs-1301-3781,
  author    = {Tomas Mikolov and
               Kai Chen and
               Greg Corrado and
               Jeffrey Dean},
  editor    = {Yoshua Bengio and
               Yann LeCun},
  title     = {Efficient Estimation of Word Representations in Vector Space},
  booktitle = {1st International Conference on Learning Representations, {ICLR} 2013,
               Scottsdale, Arizona, USA, May 2-4, 2013, Workshop Track Proceedings},
  year      = {2013},
  url       = {http://arxiv.org/abs/1301.3781},
  timestamp = {Thu, 25 Jul 2019 14:25:36 +0200},
  biburl    = {https://dblp.org/rec/bib/journals/corr/abs-1301-3781},
  bibsource = {dblp computer science bibliography, https://dblp.org}
}

@inproceedings{Peters:2018,
  author={Peters, Matthew E. and  Neumann, Mark and Iyyer, Mohit and Gardner, Matt and Clark, Christopher and Lee, Kenton and Zettlemoyer, Luke},
  title={Deep contextualized word representations},
  booktitle={Proc. of NAACL},
  year={2018}
}

@article{Hochreiter:1998:VGP:353515.355233,
 author = {Hochreiter, Sepp},
 title = {The Vanishing Gradient Problem During Learning Recurrent Neural Nets and Problem Solutions},
 journal = {Int. J. Uncertain. Fuzziness Knowl.-Based Syst.},
 issue_date = {April 1998},
 volume = {6},
 number = {2},
 month = apr,
 year = {1998},
 issn = {0218-4885},
 pages = {107--116},
 numpages = {10},
 url = {http://dx.doi.org/10.1142/S0218488598000094},
 doi = {10.1142/S0218488598000094},
 acmid = {355233},
 publisher = {World Scientific Publishing Co., Inc.},
 address = {River Edge, NJ, USA},
 keywords = {long short-term memory, long-term dependencies, recurrent neural nets, vanishing gradient},
}

@ARTICLE{279181,
author={Y. {Bengio} and P. {Simard} and P. {Frasconi}},
journal={IEEE Transactions on Neural Networks},
title={Learning long-term dependencies with gradient descent is difficult},
year={1994},
volume={5},
number={2},
pages={157-166},
keywords={recurrent neural nets;learning (artificial intelligence);numerical analysis;long-term dependencies;gradient descent;recognition;production problems;prediction problems;recurrent neural network training;temporal contingencies;input/output sequence mapping;efficient learning;Recurrent neural networks;Production;Delay effects;Intelligent networks;Neural networks;Discrete transforms;Computer networks;Cost function;Neurofeedback;Displays},
doi={10.1109/72.279181},
ISSN={1045-9227},
month={March},}

@article{Hochreiter:1997:LSM:1246443.1246450,
 author = {Hochreiter, Sepp and Schmidhuber, J\"{u}rgen},
 title = {Long Short-Term Memory},
 journal = {Neural Comput.},
 issue_date = {November 15, 1997},
 volume = {9},
 number = {8},
 month = nov,
 year = {1997},
 issn = {0899-7667},
 pages = {1735--1780},
 numpages = {46},
 url = {http://dx.doi.org/10.1162/neco.1997.9.8.1735},
 doi = {10.1162/neco.1997.9.8.1735},
 acmid = {1246450},
 publisher = {MIT Press},
 address = {Cambridge, MA, USA},
}

@inproceedings{DBLP:conf/ijcnn/GersS00,
  author    = {Felix A. Gers and
               J{\"{u}}rgen Schmidhuber},
  title     = {Recurrent Nets that Time and Count},
  booktitle = {Proceedings of the {IEEE-INNS-ENNS} International Joint Conference
               on Neural Networks, {IJCNN} 2000, Neural Computing: New Challenges
               and Perspectives for the New Millennium, Como, Italy, July 24-27,
               2000, Volume 3},
  pages     = {189--194},
  publisher = {{IEEE} Computer Society},
  year      = {2000},
  url       = {https://doi.org/10.1109/IJCNN.2000.861302},
  doi       = {10.1109/IJCNN.2000.861302},
  timestamp = {Tue, 30 Jul 2019 17:23:30 +0200},
  biburl    = {https://dblp.org/rec/bib/conf/ijcnn/GersS00},
  bibsource = {dblp computer science bibliography, https://dblp.org}
}

@inproceedings{cho-etal-2014-learning,
    title = "Learning Phrase Representations using {RNN} Encoder{--}Decoder for Statistical Machine Translation",
    author = {Cho, Kyunghyun  and
      van Merri{\"e}nboer, Bart  and
      Gulcehre, Caglar  and
      Bahdanau, Dzmitry  and
      Bougares, Fethi  and
      Schwenk, Holger  and
      Bengio, Yoshua},
    booktitle = "Proceedings of the 2014 Conference on Empirical Methods in Natural Language Processing ({EMNLP})",
    month = oct,
    year = "2014",
    address = "Doha, Qatar",
    publisher = "Association for Computational Linguistics",
    url = "https://www.aclweb.org/anthology/D14-1179",
    doi = "10.3115/v1/D14-1179",
    pages = "1724--1734",
}

@inproceedings{kalchbrenner-blunsom-2013-recurrent-continuous,
    title = "Recurrent Continuous Translation Models",
    author = "Kalchbrenner, Nal  and
      Blunsom, Phil",
    booktitle = "Proceedings of the 2013 Conference on Empirical Methods in Natural Language Processing",
    month = oct,
    year = "2013",
    address = "Seattle, Washington, USA",
    publisher = "Association for Computational Linguistics",
    url = "https://www.aclweb.org/anthology/D13-1176",
    pages = "1700--1709",
}

@inproceedings{DBLP:conf/interspeech/MikolovKBCK10,
  author    = {Tomas Mikolov and
               Martin Karafi{\'{a}}t and
               Luk{\'{a}}s Burget and
               Jan Cernock{\'{y}} and
               Sanjeev Khudanpur},
  editor    = {Takao Kobayashi and
               Keikichi Hirose and
               Satoshi Nakamura},
  title     = {Recurrent neural network based language model},
  booktitle = {{INTERSPEECH} 2010, 11th Annual Conference of the International Speech
               Communication Association, Makuhari, Chiba, Japan, September 26-30,
               2010},
  pages     = {1045--1048},
  publisher = {{ISCA}},
  year      = {2010},
  url       = {http://www.isca-speech.org/archive/interspeech\_2010/i10\_1045.html},
  timestamp = {Thu, 24 Aug 2017 11:26:53 +0200},
  biburl    = {https://dblp.org/rec/bib/conf/interspeech/MikolovKBCK10},
  bibsource = {dblp computer science bibliography, https://dblp.org}
}

@inproceedings{Goodfellow:2013:MN:3042817.3043084,
 author = {Goodfellow, Ian J. and Warde-Farley, David and Mirza, Mehdi and Courville, Aaron and Bengio, Yoshua},
 title = {Maxout Networks},
 booktitle = {Proceedings of the 30th International Conference on International Conference on Machine Learning - Volume 28},
 series = {ICML'13},
 year = {2013},
 location = {Atlanta, GA, USA},
 pages = {III-1319--III-1327},
 url = {http://dl.acm.org/citation.cfm?id=3042817.3043084},
 acmid = {3043084},
 publisher = {JMLR.org},
} 






